
  
  <record>
    <leader>01952cam  2200457Ia 45í0</leader>
    <controlfield tag="001">afulltextAndRestricted2</controlfield>
    <controlfield tag="008">780930m19391944nyu           000 0 eng d</controlfield>
    <datafield tag="245" ind1="1" ind2="0">
      <subfield code="a">full text AND restricted urls</subfield>
    </datafield>
    <datafield tag="856" ind1="4" ind2="0">
      <subfield code="u">http://www.fulltext.org/</subfield>
    </datafield>
    <datafield tag="856" ind1="4" ind2="0">
      <subfield code="z">Searchable database available to Stanford-affiliated users at: </subfield>
      <subfield code="u">http://restricted.org</subfield>
    </datafield>
  </record>