

  <record>
    <leader>01952cam  2200457Ia 45í0</leader>
    <controlfield tag="001">afulltextUrl</controlfield>
    <controlfield tag="008">780930m19391944nyu           000 0 eng d</controlfield>
    <datafield tag="245" ind1="1" ind2="0">
      <subfield code="a">full text url</subfield>
    </datafield>
    <datafield tag="856" ind1="4" ind2="1">
      <subfield code="u">http://www.fulltext.org/</subfield>
    </datafield>
  </record>