
  
  <record>
      <leader>01541cai a2200349Ia 4500</leader>
      <controlfield tag="001">arestrictedUrl1</controlfield>
      <controlfield tag="008">040727c20049999nyuuu dss     0    2eng d</controlfield>
      <datafield tag="245" ind1="0" ind2="0">
          <subfield code="a">restricted url (full text)</subfield>
      </datafield>
      <datafield tag="856" ind1="4" ind2="0">
        <subfield code="z">Searchable database available to Stanford-affiliated users at: </subfield>
        <subfield code="u">http://restricted.org</subfield>
      </datafield>
  </record>