
  
  <record>
    <leader>01541cai a2200349Ia 4500</leader>
    <controlfield tag="001">arestrictedUrl2</controlfield>
    <controlfield tag="008">040727c20049999nyuuu dss     0    2eng d</controlfield>
    <datafield tag="245" ind1="0" ind2="0">
      <subfield code="a">restricted url 2 (like supplemental)</subfield>
    </datafield>
    <datafield tag="856" ind1="4" ind2="1">
      <subfield code="z">Available to Stanford-affiliated users at:</subfield>
      <subfield code="z">ebrary</subfield>
      <subfield code="u">http://restricted.org</subfield>
      <subfield code="x">eLoaderURL</subfield>
      <subfield code="x">eb4</subfield>
      <subfield code="x">ebebr10019096</subfield>
    </datafield>
  </record>